@Comment An academic article
@Article{Ansc73Grap,
  author       = {F. J. Anscombe},
  title        = {Graphs in Statistical Analysis},
  journal      = {The American Statistician},
  year         = 1973,
  volume       = 27,
  pages        = {17-21},
  url          = {http://www.jstor.org/stable/2682899}
}

@Comment a newspaper article. We abuse the "year" a bit to give us a date
@Article{Space2021,
  author       = {Space, Phil},
  year         = {26 February 2021},
  title        = {Why oh why must {I} do this project?},
  journal      = {The Daily Post},
  url          = {https://www.dailypost.com},
  note         = {Retrieved on 28 February 2021}
}

@Comment A scientific article about hiking patterns in the Italian Dolomites 
@Article{HitA,
  author  = {Mara Thiene, Riccardo Scarpa},
  year    = {2008},
  title   = {Hiking in the Alps: exploring substitution
patterns of hiking destinations},
  journal = {Tourism Economics},
  url     = {https://journals-sagepub-com.ezproxy.is.ed.ac.uk/doi/pdf/10.5367/000000008784460445?fbclid=IwAR1iYcJu-QMM6pQ6VFwzvtsJFD11syE7yPmOZetTjb19wZxaVvsylJvcCeg}
}

@Comment An internet article about ethical scraping
@Article{EiWS,
  author = {James Densmore},
  year = {2017},
  title = {Ethics in Web Scraping},
  journal = {Towards Data Science},
  url = {https://towardsdatascience.com/ethics-in-web-scraping-b96b18136f01}
}